<?xml version='1.0' encoding='utf-8'?>
<record xmlns="http://www.loc.gov/MARC21/slim" xmlns:xsi="http://www.w3.org/2001/XMLSchema-instance" xsi:schemaLocation="http://www.loc.gov/MARC21/slim http://www.loc.gov/standards/marcxml/schema/MARC21slim.xsd">
  <leader>00000nkca 22011891a 4500</leader>
  <controlfield tag="005">20061023074327.0</controlfield>
  <controlfield tag="008">940131i18601960miunnn            kneng d</controlfield>
  <datafield tag="035" ind1=" " ind2=" ">
    <subfield code="a">(RLIN)MIUV93-F554</subfield>
  </datafield>
  <datafield tag="035" ind1=" " ind2=" ">
    <subfield code="a">(OCoLC)ocm35063104</subfield>
  </datafield>
  <datafield tag="040" ind1=" " ind2=" ">
    <subfield code="a">MiU-H</subfield>
    <subfield code="c">MiU-H</subfield>
    <subfield code="e">gihc</subfield>
    <subfield code="d">MiU</subfield>
    <subfield code="d">MiU-H</subfield>
    <subfield code="d">MiU</subfield>
  </datafield>
  <datafield tag="245" ind1="0" ind2="0">
    <subfield code="a">University of Michigan faculty and staff portrait collection.</subfield>
    <subfield code="n">Part O/R.</subfield>
  </datafield>
  <datafield tag="260" ind1=" " ind2=" ">
    <subfield code="c">ca. 1860-ca. 1960.</subfield>
  </datafield>
  <datafield tag="300" ind1=" " ind2=" ">
    <subfield code="a">.5 linear ft.</subfield>
  </datafield>
  <datafield tag="555" ind1="0" ind2=" ">
    <subfield code="a">Finding aid in the library.</subfield>
  </datafield>
  <datafield tag="555" ind1="0" ind2=" ">
    <subfield code="a">Finding aid available via World Wide Web at URL: http://quod.lib.umich.edu/cgi/f/findaid/findaid-idx?c=bhlead&amp;idno=umich-bhl-9263</subfield>
  </datafield>
  <datafield tag="655" ind1=" " ind2="7">
    <subfield code="a">Photographs.</subfield>
    <subfield code="2">aat</subfield>
  </datafield>
  <datafield tag="600" ind1="1" ind2="0">
    <subfield code="a">Obetz, Henry Lorenz,</subfield>
    <subfield code="d">d. 1913.</subfield>
  </datafield>
  <datafield tag="600" ind1="1" ind2="0">
    <subfield code="a">O'Dell, Frederick C.</subfield>
    <subfield code="q">(Frederick Charles)</subfield>
  </datafield>
  <datafield tag="600" ind1="1" ind2="0">
    <subfield code="a">Okkelberg, Peter Olaus,</subfield>
    <subfield code="d">1880-</subfield>
  </datafield>
  <datafield tag="600" ind1="1" ind2="0">
    <subfield code="a">Olmsted, Charles Thomas.</subfield>
  </datafield>
  <datafield tag="600" ind1="1" ind2="0">
    <subfield code="a">Olney, Edward,</subfield>
    <subfield code="d">1827-1887.</subfield>
  </datafield>
  <datafield tag="600" ind1="1" ind2="0">
    <subfield code="a">O'Neill, James M.</subfield>
    <subfield code="q">(James Milton),</subfield>
    <subfield code="d">1881-1970.</subfield>
  </datafield>
  <datafield tag="600" ind1="1" ind2="0">
    <subfield code="a">Ormondroyd, J.</subfield>
    <subfield code="q">(Jesse),</subfield>
    <subfield code="d">1897-</subfield>
  </datafield>
  <datafield tag="600" ind1="1" ind2="0">
    <subfield code="a">O'Roke, Earl Cleveland,</subfield>
    <subfield code="d">1887-</subfield>
  </datafield>
  <datafield tag="600" ind1="1" ind2="0">
    <subfield code="a">Orr, Leslie W.</subfield>
  </datafield>
  <datafield tag="600" ind1="1" ind2="0">
    <subfield code="a">Osborne, Jay M.</subfield>
  </datafield>
  <datafield tag="600" ind1="1" ind2="0">
    <subfield code="a">Ottley, Jimmy.</subfield>
  </datafield>
  <datafield tag="600" ind1="1" ind2="0">
    <subfield code="a">Palmer, Alonzo Benjamin,</subfield>
    <subfield code="d">1815-1887.</subfield>
  </datafield>
  <datafield tag="600" ind1="1" ind2="0">
    <subfield code="a">Pargment, Lila,</subfield>
    <subfield code="d">1888-</subfield>
  </datafield>
  <datafield tag="600" ind1="1" ind2="0">
    <subfield code="a">Pargment, M. S.</subfield>
    <subfield code="q">(Michael S.)</subfield>
  </datafield>
  <datafield tag="600" ind1="1" ind2="0">
    <subfield code="a">Parker, DeWitt Henry,</subfield>
    <subfield code="d">1885-1949.</subfield>
  </datafield>
  <datafield tag="600" ind1="1" ind2="0">
    <subfield code="a">Parnall, Christopher Gregg.</subfield>
  </datafield>
  <datafield tag="600" ind1="1" ind2="0">
    <subfield code="a">Parsons, John Purl.</subfield>
  </datafield>
  <datafield tag="600" ind1="1" ind2="0">
    <subfield code="a">Partridge, Everett Percy,</subfield>
    <subfield code="d">1902-1969.</subfield>
  </datafield>
  <datafield tag="600" ind1="1" ind2="0">
    <subfield code="a">Paton, William A.</subfield>
    <subfield code="q">(William Andrew),</subfield>
    <subfield code="d">1889-1991.</subfield>
  </datafield>
  <datafield tag="600" ind1="1" ind2="0">
    <subfield code="a">Pattengill, Albert Henderson,</subfield>
    <subfield code="d">1842-1906.</subfield>
  </datafield>
  <datafield tag="600" ind1="1" ind2="0">
    <subfield code="a">Patterson, George W.</subfield>
    <subfield code="q">(George Washington),</subfield>
    <subfield code="d">1864-1930.</subfield>
  </datafield>
  <datafield tag="600" ind1="1" ind2="0">
    <subfield code="a">Pawlowski, Felix Wladyslaw,</subfield>
    <subfield code="d">1876-1951.</subfield>
  </datafield>
  <datafield tag="600" ind1="1" ind2="0">
    <subfield code="a">Pearson, Anthony A.</subfield>
  </datafield>
  <datafield tag="600" ind1="1" ind2="0">
    <subfield code="a">Peckham, Howard H.</subfield>
    <subfield code="q">(Howard Henry),</subfield>
    <subfield code="d">1910-1995.</subfield>
  </datafield>
  <datafield tag="600" ind1="1" ind2="0">
    <subfield code="a">Peirce, Carleton B.</subfield>
  </datafield>
  <datafield tag="600" ind1="1" ind2="0">
    <subfield code="a">Peterson, A. R.</subfield>
  </datafield>
  <datafield tag="600" ind1="1" ind2="0">
    <subfield code="a">Peterson, Frederick William,</subfield>
    <subfield code="d">1869-</subfield>
  </datafield>
  <datafield tag="600" ind1="1" ind2="0">
    <subfield code="a">Peterson, Reuben,</subfield>
    <subfield code="d">1862-1942.</subfield>
  </datafield>
  <datafield tag="600" ind1="1" ind2="0">
    <subfield code="a">Peterson, Shorey,</subfield>
    <subfield code="d">1897-1981</subfield>
  </datafield>
  <datafield tag="600" ind1="1" ind2="0">
    <subfield code="a">Pettee, William Henry,</subfield>
    <subfield code="d">1838-1904.</subfield>
  </datafield>
  <datafield tag="600" ind1="1" ind2="0">
    <subfield code="a">Phelps, Dudley Maynard.</subfield>
  </datafield>
  <datafield tag="600" ind1="1" ind2="0">
    <subfield code="a">Pick, Hanns.</subfield>
  </datafield>
  <datafield tag="600" ind1="1" ind2="0">
    <subfield code="a">Pillsbury, W. B.</subfield>
    <subfield code="q">(Walter Bowers),</subfield>
    <subfield code="d">1872-1960.</subfield>
  </datafield>
  <datafield tag="600" ind1="1" ind2="0">
    <subfield code="a">Plumer, James Marshall.</subfield>
  </datafield>
  <datafield tag="600" ind1="1" ind2="0">
    <subfield code="a">Pollard, H. Marvin.</subfield>
  </datafield>
  <datafield tag="600" ind1="1" ind2="0">
    <subfield code="a">Pollock, James Barkley,</subfield>
    <subfield code="d">1863-1934.</subfield>
  </datafield>
  <datafield tag="600" ind1="1" ind2="0">
    <subfield code="a">Poor, Vincent Collins.</subfield>
  </datafield>
  <datafield tag="600" ind1="1" ind2="0">
    <subfield code="a">Potter, Eugene Breckenridge,</subfield>
    <subfield code="d">1899-</subfield>
  </datafield>
  <datafield tag="600" ind1="1" ind2="0">
    <subfield code="a">Prescott, A. B.</subfield>
    <subfield code="q">(Albert Benjamin),</subfield>
    <subfield code="d">1832-1905.</subfield>
  </datafield>
  <datafield tag="600" ind1="1" ind2="0">
    <subfield code="a">Preuss, Lawrence,</subfield>
    <subfield code="d">1905-1956.</subfield>
  </datafield>
  <datafield tag="600" ind1="1" ind2="0">
    <subfield code="a">Price, Hereward Thimbleby,</subfield>
    <subfield code="d">1880-1964.</subfield>
  </datafield>
  <datafield tag="600" ind1="1" ind2="0">
    <subfield code="a">Price, Percival,</subfield>
    <subfield code="d">1901-1985.</subfield>
  </datafield>
  <datafield tag="600" ind1="1" ind2="0">
    <subfield code="a">Purdom, Thomas Luther,</subfield>
    <subfield code="d">1887-</subfield>
  </datafield>
  <datafield tag="600" ind1="1" ind2="0">
    <subfield code="a">Radock, Michael,</subfield>
    <subfield code="d">1917-</subfield>
  </datafield>
  <datafield tag="600" ind1="1" ind2="0">
    <subfield code="a">Raiford, Theodore Ernest,</subfield>
    <subfield code="d">1889-</subfield>
  </datafield>
  <datafield tag="600" ind1="1" ind2="0">
    <subfield code="a">Ramsdell, Willett Forrest.</subfield>
  </datafield>
  <datafield tag="600" ind1="1" ind2="0">
    <subfield code="a">Randall, Harrison M.</subfield>
    <subfield code="q">(Harrison McAllister),</subfield>
    <subfield code="d">1870-</subfield>
  </datafield>
  <datafield tag="600" ind1="1" ind2="0">
    <subfield code="a">Ransom, Henry King,</subfield>
    <subfield code="d">1898-1983.</subfield>
  </datafield>
  <datafield tag="600" ind1="1" ind2="0">
    <subfield code="a">Rebec, George,</subfield>
    <subfield code="d">1868-1944.</subfield>
  </datafield>
  <datafield tag="600" ind1="1" ind2="0">
    <subfield code="a">Reed, John Oren,</subfield>
    <subfield code="d">1856-1916.</subfield>
  </datafield>
  <datafield tag="600" ind1="1" ind2="0">
    <subfield code="a">Reeves, Jesse Siddall,</subfield>
    <subfield code="d">1872-</subfield>
  </datafield>
  <datafield tag="600" ind1="1" ind2="0">
    <subfield code="a">Reichart, Walter Albert,</subfield>
    <subfield code="d">1903-</subfield>
  </datafield>
  <datafield tag="600" ind1="1" ind2="0">
    <subfield code="a">Reighard, Jacob Ellsworth,</subfield>
    <subfield code="d">1861-</subfield>
  </datafield>
  <datafield tag="600" ind1="1" ind2="0">
    <subfield code="a">Remer, C. F.</subfield>
    <subfield code="q">(Charles Frederick),</subfield>
    <subfield code="d">1889-1972.</subfield>
  </datafield>
  <datafield tag="600" ind1="1" ind2="0">
    <subfield code="a">Rice, Warner Grenelle,</subfield>
    <subfield code="d">1899-</subfield>
  </datafield>
  <datafield tag="600" ind1="1" ind2="0">
    <subfield code="a">Rich, Daniel Leslie,</subfield>
    <subfield code="d">1879-</subfield>
  </datafield>
  <datafield tag="600" ind1="1" ind2="0">
    <subfield code="a">Rickert, Ura Garfield,</subfield>
    <subfield code="d">1879-1938.</subfield>
  </datafield>
  <datafield tag="600" ind1="1" ind2="0">
    <subfield code="a">Rickett, Reginald L.</subfield>
  </datafield>
  <datafield tag="600" ind1="1" ind2="0">
    <subfield code="a">Riecker, Herman H.</subfield>
  </datafield>
  <datafield tag="600" ind1="1" ind2="0">
    <subfield code="a">Riegel, John W.</subfield>
  </datafield>
  <datafield tag="600" ind1="1" ind2="0">
    <subfield code="a">Riggs, Henry Earle,</subfield>
    <subfield code="d">1865-</subfield>
  </datafield>
  <datafield tag="600" ind1="1" ind2="0">
    <subfield code="a">Riven, Samuel S.</subfield>
  </datafield>
  <datafield tag="600" ind1="1" ind2="0">
    <subfield code="a">Robbins, Frank Egleston,</subfield>
    <subfield code="d">1884-</subfield>
  </datafield>
  <datafield tag="600" ind1="1" ind2="0">
    <subfield code="a">Robinson, S. W.</subfield>
    <subfield code="q">(Stillman Williams),</subfield>
    <subfield code="d">1838-1910.</subfield>
  </datafield>
  <datafield tag="600" ind1="1" ind2="0">
    <subfield code="a">Rodkey, Robert G.</subfield>
    <subfield code="q">(Robert Gordon),</subfield>
    <subfield code="d">1885-1956.</subfield>
  </datafield>
  <datafield tag="600" ind1="1" ind2="0">
    <subfield code="a">Rogers, Henry Wade,</subfield>
    <subfield code="d">1853-1926.</subfield>
  </datafield>
  <datafield tag="600" ind1="1" ind2="0">
    <subfield code="a">Rogers, James Speed,</subfield>
    <subfield code="d">1892-</subfield>
  </datafield>
  <datafield tag="600" ind1="1" ind2="0">
    <subfield code="a">Rolfe, John Carew,</subfield>
    <subfield code="d">1859-1943.</subfield>
  </datafield>
  <datafield tag="600" ind1="1" ind2="0">
    <subfield code="a">Rood, John R.</subfield>
    <subfield code="q">(John Romain),</subfield>
    <subfield code="d">1868-</subfield>
  </datafield>
  <datafield tag="600" ind1="1" ind2="0">
    <subfield code="a">Rose, Preston Benjamin,</subfield>
    <subfield code="d">1834-1912.</subfield>
  </datafield>
  <datafield tag="600" ind1="1" ind2="0">
    <subfield code="a">Ross, George Gould</subfield>
  </datafield>
  <datafield tag="600" ind1="1" ind2="0">
    <subfield code="a">Ross, Gilbert,</subfield>
    <subfield code="d">1903-1993.</subfield>
  </datafield>
  <datafield tag="600" ind1="1" ind2="0">
    <subfield code="a">Roth, Filibert,</subfield>
    <subfield code="d">1858-1925.</subfield>
  </datafield>
  <datafield tag="600" ind1="1" ind2="0">
    <subfield code="a">Rovillain, Eugène E.,</subfield>
    <subfield code="d">1881-1948.</subfield>
  </datafield>
  <datafield tag="600" ind1="1" ind2="0">
    <subfield code="a">Rowe, Kenneth Thorpe,</subfield>
    <subfield code="d">1900-</subfield>
  </datafield>
  <datafield tag="600" ind1="1" ind2="0">
    <subfield code="a">Rufus, Will Carl,</subfield>
    <subfield code="d">1876-1946.</subfield>
  </datafield>
  <datafield tag="600" ind1="1" ind2="0">
    <subfield code="a">Rugen, Mabel E.</subfield>
  </datafield>
  <datafield tag="600" ind1="1" ind2="0">
    <subfield code="a">Running, Theodore R.</subfield>
    <subfield code="q">(Theodore Rudolph),</subfield>
    <subfield code="d">1866-</subfield>
  </datafield>
  <datafield tag="600" ind1="1" ind2="0">
    <subfield code="a">Russell, Israel C.</subfield>
    <subfield code="q">(Israel Cook),</subfield>
    <subfield code="d">1852-1906.</subfield>
  </datafield>
  <datafield tag="650" ind1=" " ind2="7">
    <subfield code="a">Letter carriers.</subfield>
    <subfield code="2">lctgm</subfield>
  </datafield>
  <datafield tag="773" ind1="1" ind2=" ">
    <subfield code="w">(CStRLIN)MIUV92-F63</subfield>
  </datafield>
  <datafield tag="852" ind1=" " ind2=" ">
    <subfield code="a">Bentley Historical Library,</subfield>
    <subfield code="b">University of Michigan,</subfield>
    <subfield code="c">Ann Arbor, Michigan 48109-2113</subfield>
  </datafield>
  <datafield tag="856" ind1="4" ind2="2">
    <subfield code="3">Finding aid:</subfield>
    <subfield code="u">http://quod.lib.umich.edu/cgi/f/findaid/findaid-idx?c=bhlead&amp;idno=umich-bhl-9263</subfield>
  </datafield>
  <datafield tag="998" ind1=" " ind2=" ">
    <subfield code="c">LAC</subfield>
    <subfield code="s">9114</subfield>
  </datafield>
</record>
